<record><leader>00000cas a22000007a 4500</leader><controlfield tag="001">17487932</controlfield><controlfield tag="008">880216d18621uuuiauwr ne      0    0eng d</controlfield><datafield ind1=" " ind2=" " tag="010"><subfield code="a">sn 88059410 </subfield></datafield><datafield ind1=" " ind2=" " tag="040"><subfield code="a">INP</subfield><subfield code="b">eng</subfield><subfield code="c">INP</subfield><subfield code="d">OCLCQ</subfield></datafield><datafield ind1=" " ind2=" " tag="042"><subfield code="a">msc</subfield></datafield><datafield ind1="0" ind2=" " tag="130"><subfield code="a">Western era (Glenwood, Iowa)</subfield></datafield><datafield ind1="1" ind2="4" tag="245"><subfield code="a">The western era.</subfield></datafield><datafield ind1="1" ind2="3" tag="246"><subfield code="a">Era</subfield></datafield><datafield ind1=" " ind2=" " tag="260"><subfield code="a">Glenwood, Mills County, Iowa :</subfield><subfield code="b">J.R. Watson</subfield></datafield><datafield ind1=" " ind2=" " tag="300"><subfield code="a">v.</subfield></datafield><datafield ind1=" " ind2=" " tag="310"><subfield code="a">Weekly</subfield></datafield><datafield ind1="1" ind2=" " tag="362"><subfield code="a">Began in 1862.</subfield></datafield><datafield ind1=" " ind2=" " tag="588"><subfield code="a">Description based on: Vol. 1, no. 40 (Jan. 23, 1863).</subfield></datafield><datafield ind1=" " ind2=" " tag="752"><subfield code="a">United States</subfield><subfield code="b">Iowa</subfield><subfield code="c">Mills</subfield><subfield code="d">Glenwood.</subfield></datafield></record>